@book{heldkarp,
  author    = "Michael Held and Richard M. Karp",
  title     = "Journal of the Society for Industrial and Applied Mathematics",
  year      = 1962,
  publisher = "Society for Industrial and Applied Mathematics",
  address   = "Philadelphia, PA",
  volume    = 10
}

@techreport{nicos,
  author = "Nicos Christofides",
  institution = {Graduate School of Industrial Administration, Carnegie Mellon University},
  title = {Worst-case analysis of a new heuristic for the travelling salesman problem},
  type = {Technical Report},
  number = 388,
  year = 1976
}

@article{dantzig,
    author = {G Dantzig and R Fulkerson and S Johnson},
    title = {Solution of a large-scale traveling-salesman problem},
    journal = {Operations Research},
    year = {1954},
    volume = {2},
    pages = {393--410}
}


